@inproceedings{loughran2004framed,
  title={Framed aspects: Supporting variability and configurability for aop},
  author={Loughran, Neil and Rashid, Awais},
  booktitle={International Conference on Software Reuse},
  pages={127--140},
  year={2004},
  organization={Springer}
}

@inproceedings{liskov1972design,
  title={A design methodology for reliable software systems},
  author={Liskov, Barbara H},
  booktitle={Proceedings of the December 5-7, 1972, fall joint computer conference, part I},
  pages={191--199},
  year={1972},
  organization={ACM}
}

@misc{johnstone1978computer,
  title={Computer software security system},
  author={Johnstone, Richard},
  year={1978},
  month=oct # "~10",
  publisher={Google Patents},
  note={US Patent 4,120,030}
}

@article{yau1980some,
  title={Some stability measures for software maintenance},
  author={Yau, Stephen S and Collofello, James S},
  journal={IEEE Transactions on Software Engineering},
  number={6},
  pages={545--552},
  year={1980},
  publisher={IEEE}
}

@book{Molyneaux:2009:AAP:1550832,
 author = {Molyneaux, Ian},
 title = {The Art of Application Performance Testing: Help for Programmers and Quality Assurance},
 year = {2009},
 isbn = {0596520662, 9780596520663},
 edition = {1st},
 publisher = {O'Reilly Media, Inc.},
}

@article{weber2005key,
  title={Key performance indicators},
  author={Weber, Al and Thomas, R},
  journal={Measuring and Managing the Maintenance Function, Ivara Corporation, Burlington},
  year={2005}
}

@inproceedings{siegmund2015performance,
  title={Performance-influence models for highly configurable systems},
  author={Siegmund, Norbert and Grebhahn, Alexander and Apel, Sven and K{\"a}stner, Christian},
  booktitle={Proceedings of the 2015 10th Joint Meeting on Foundations of Software Engineering},
  pages={284--294},
  year={2015},
  organization={ACM}
}

@inproceedings{tsirogiannis2010analyzing,
  title={Analyzing the energy efficiency of a database server},
  author={Tsirogiannis, Dimitris and Harizopoulos, Stavros and Shah, Mehul A},
  booktitle={Proceedings of the 2010 ACM SIGMOD International Conference on Management of data},
  pages={231--242},
  year={2010},
  organization={ACM}
}

@inproceedings{simunic1999cycle,
  title={Cycle-accurate simulation of energy consumption in embedded systems},
  author={Simunic, Tajana and Benini, Luca and De Micheli, Giovanni},
  booktitle={Design Automation Conference, 1999. Proceedings. 36th},
  pages={867--872},
  year={1999},
  organization={IEEE}
}

@article{hahnel2012measuring,
  title={Measuring energy consumption for short code paths using RAPL},
  author={H{\"a}hnel, Marcus and D{\"o}bel, Bj{\"o}rn and V{\"o}lp, Marcus and H{\"a}rtig, Hermann},
  journal={ACM SIGMETRICS Performance Evaluation Review},
  volume={40},
  number={3},
  pages={13--17},
  year={2012},
  publisher={ACM}
}

@inproceedings{amsel2010green,
  title={Green tracker: a tool for estimating the energy consumption of software},
  author={Amsel, Nadine and Tomlinson, Bill},
  booktitle={CHI'10 Extended Abstracts on Human Factors in Computing Systems},
  pages={3337--3342},
  year={2010},
  organization={ACM}
}

@inproceedings{denaro2004early,
  title={Early performance testing of distributed software applications},
  author={Denaro, Giovanni and Polini, Andrea and Emmerich, Wolfgang},
  booktitle={ACM SIGSOFT Software Engineering Notes},
  volume={29},
  number={1},
  pages={94--103},
  year={2004},
  organization={ACM}
}

@incollection{smith1993software,
  title={Software performance engineering},
  author={Smith, Connie U},
  booktitle={Performance Evaluation of Computer and Communication Systems},
  pages={509--536},
  year={1993},
  publisher={Springer}
}

@inproceedings{woodside2007future,
  title={The future of software performance engineering},
  author={Woodside, Murray and Franks, Greg and Petriu, Dorina C},
  booktitle={Future of Software Engineering, 2007. FOSE'07},
  pages={171--187},
  year={2007},
  organization={IEEE}
}

@article{koziolek2010performance,
  title={Performance evaluation of component-based software systems: A survey},
  author={Koziolek, Heiko},
  journal={Performance Evaluation},
  volume={67},
  number={8},
  pages={634--658},
  year={2010},
  publisher={Elsevier}
}

@article{balsamo2004model,
  title={Model-based performance prediction in software development: A survey},
  author={Balsamo, Simonetta and Di Marco, Antinisca and Inverardi, Paola and Simeoni, Marta},
  journal={IEEE Transactions on Software Engineering},
  volume={30},
  number={5},
  pages={295--310},
  year={2004},
  publisher={IEEE}
}


